@article{vig2012tag,
  title={The tag genome: Encoding community knowledge to support novel interaction},
  author={Vig, Jesse and Sen, Shilad and Riedl, John},
  journal={ACM Transactions on Interactive Intelligent Systems (TIIS)},
  volume={2},
  number={3},
  pages={13},
  year={2012},
  publisher={ACM}
}